% Encoding: UTF-8
@book{Knuth1998,
 author = {Knuth, Donald E.},
 title = {The art of computer programming,  volume 3: (2nd ed.) sorting and searching},
 year = {1998},
 publisher = {Addison Wesley Longman Publishing Co., Inc.},
 address = {Redwood City, CA, USA}
}

@book{Pollefliet2011,
  author = {Pollefliet, Leen},
  title = {Schrijven van verslag tot eindwerk: do's en don'ts},
  year = {2011},
  publisher = {Academia Press},
  address = {Gent}
}

@article{Creeger2009,
  author = {Creeger, Mache},
  journal = {Communications of the ACM},
  number = {8},
  pages = {50--56},
  title = {{CTO Roundtable: Cloud Computing}},
  volume = {52},
  year = {2009}
}

@Book{Khadka2016,
  author    = {Khadka, R},
  publisher = {Utrecht University},
  title     = {Revisiting Legacy Software System Modernization},
  year      = {2016},
  isbn      = {978-90-393-6512-0},
  note      = {SIKS Dissertation Series ; 2016-14},
  keywords  = {Legacy Software, software evolution, Service-Oriented Architecture},
  url       = {https://dspace.library.uu.nl/handle/1874/330662},
}

@Article{Puglia2020,
  author    = {Puglia, Mike},
  journal   = {Computer Fraud &amp; Security},
  title     = {Operating systems reaching end of life – don’t put yourself at risk},
  year      = {2020},
  issn      = {1873-7056},
  month     = jan,
  number    = {4},
  pages     = {11--14},
  volume    = {2020},
  doi       = {10.1016/s1361-3723(20)30041-5},
  publisher = {Mark Allen Group},
}

@Misc{Mittal2024,
  author = {Chahak Mittal},
  month  = mar,
  note   = {By Chahak Mittal, GRC Manager, Universal Logistics},
  title  = {Life and Out-of-Service Operating Systems?},
  year   = {2024},
  url    = {https://www.cyberdefensemagazine.com/how-to-identify-and-respond-to-end-of-life-and-out-of-service-operating-systems/},
}

@Manual{Laar2013,
  title        = {Interface Specifications PLC - WMS},
  address      = {Vanderlandelaan 2 5466 RB Veghel Postbus 18 5460 AE Veghel},
  author       = {J. van de Laar},
  month        = feb,
  organization = {Vanderlanden},
  year         = {2013},
  version      = {2.15},
  url          = {},
  note         = {Private company documentation},
}

@online{Reock2020,
    author    = {Justin Reock},
    title     = {CentOS 6 EOL Is Here: Know Your Options},
    year      = {2020},
    month     = {jul},
    url       = {https://www.openlogic.com/blog/centos-6-eol#top},
    note      = {Accessed: 2024-10-31}
}

@Article{Son2015,
  author    = {Son, D.W. and Chang, Y.S. and Choi, H.C. and Kim, W.R. and Higuera, A.G.},
  journal   = {International Journal of Advanced Logistics},
  title     = {A study of building a new warehouse control system architecture},
  year      = {2015},
  issn      = {2287-7592},
  month     = sep,
  number    = {3},
  pages     = {145--158},
  volume    = {4},
  doi       = {10.1080/2287108x.2015.1103527},
  publisher = {Informa UK Limited},
}

@Comment{jabref-meta: databaseType:biblatex;}
